@article{eff,
title = "Efficiency considerations for sequencing and
scheduling of double-rail-mounted gantry cranes at
maritime container terminals",
journal = "Int. J. Shipping and Transport Logistics",
pages = "95-123",
year = "2010",
author = "Stahlbock, R. and Vo\ss, S."
}

@article{oo,
title = "Object oriented model for container terminal
distributed simulation",
journal = "European Journal of Operational Research 175 ",
pages = "1731-1751",
year = "2006",
author = "Bielli, M. and Boulmakoul, A. and Rida, M"
}